<record><leader>00000cas a2200000 a 4500</leader><controlfield tag="001">11859867</controlfield><controlfield tag="008">850328d18711885nyuwr ne      0    0eng c</controlfield><datafield ind1=" " ind2=" " tag="010"><subfield code="a">sn 85025694 </subfield></datafield><datafield ind1=" " ind2=" " tag="040"><subfield code="a">NPX</subfield><subfield code="b">eng</subfield><subfield code="c">NPX</subfield><subfield code="d">NYS</subfield><subfield code="d">OCLCQ</subfield><subfield code="d">NYS</subfield><subfield code="d">OCLCQ</subfield><subfield code="d">OCLCF</subfield><subfield code="d">OCLCO</subfield></datafield><datafield ind1="1" ind2=" " tag="029"><subfield code="a">AU@</subfield><subfield code="b">000023466788</subfield></datafield><datafield ind1=" " ind2=" " tag="042"><subfield code="a">pcc</subfield></datafield><datafield ind1=" " ind2=" " tag="043"><subfield code="a">n-us-ny</subfield></datafield><datafield ind1="0" ind2=" " tag="130"><subfield code="a">Advance (Patchogue, N.Y.)</subfield></datafield><datafield ind1="1" ind2="4" tag="245"><subfield code="a">The advance.</subfield></datafield><datafield ind1=" " ind2=" " tag="260"><subfield code="a">Patchogue, L.I. [N.Y. :</subfield><subfield code="b">T.J. Dyson],</subfield><subfield code="c">-1885.</subfield></datafield><datafield ind1=" " ind2=" " tag="300"><subfield code="a">v.</subfield></datafield><datafield ind1=" " ind2=" " tag="310"><subfield code="a">Weekly</subfield></datafield><datafield ind1="1" ind2=" " tag="362"><subfield code="a">Began with Sept. 1, 1871 issue.</subfield><subfield code="z">Cf. Sealock &amp; Seely. Long Island bibl.</subfield></datafield><datafield ind1="0" ind2=" " tag="362"><subfield code="a">-v. 15, no. 10 (Nov. 21, 1885).</subfield></datafield><datafield ind1=" " ind2=" " tag="500"><subfield code="a">Editors &amp; Proprietors: T.J. Dyson, &lt;July 6, 1876-Oct. 28, 1876&gt;; Thomas Heatley, &lt;Dec. 9, 1876&gt;-Nov. 21, 1885.</subfield></datafield><datafield ind1=" " ind2=" " tag="588"><subfield code="a">Description based on: Vol. 1, no. 27 (Mar. 30, 1872).</subfield></datafield><datafield ind1=" " ind2="0" tag="651"><subfield code="a">Patchogue (N.Y.)</subfield><subfield code="v">Newspapers.</subfield></datafield><datafield ind1=" " ind2="0" tag="651"><subfield code="a">Suffolk County (N.Y.)</subfield><subfield code="v">Newspapers.</subfield></datafield><datafield ind1=" " ind2="7" tag="655"><subfield code="a">Newspapers.</subfield><subfield code="2">fast</subfield><subfield code="0">(OCoLC)fst01423814</subfield></datafield><datafield ind1=" " ind2="7" tag="651"><subfield code="a">New York (State)</subfield><subfield code="z">Patchogue.</subfield><subfield code="2">fast</subfield><subfield code="0">(OCoLC)fst01221273</subfield></datafield><datafield ind1=" " ind2="7" tag="651"><subfield code="a">New York (State)</subfield><subfield code="z">Suffolk County.</subfield><subfield code="2">fast</subfield><subfield code="0">(OCoLC)fst01207260</subfield></datafield><datafield ind1=" " ind2=" " tag="752"><subfield code="a">United States</subfield><subfield code="b">New York</subfield><subfield code="c">Suffolk</subfield><subfield code="d">Patchogue.</subfield></datafield><datafield ind1="0" ind2="0" tag="785"><subfield code="t">Patchogue advance</subfield><subfield code="w">(DLC)sn 86071739</subfield><subfield code="w">(OCoLC)13925176</subfield></datafield></record>